{
    "symbol": "UBER",
    "annualReports": [
        {
            "fiscalDateEnding": "2022-12-31",
            "reportedCurrency": "USD",
            "grossProfit": "3407000000",
            "totalRevenue": "31877000000",
            "costOfRevenue": "28470000000",
            "costofGoodsAndServicesSold": "19659000000",
            "operatingIncome": "-1832000000",
            "sellingGeneralAndAdministrative": "7892000000",
            "researchAndDevelopment": "2798000000",
            "operatingExpenses": "11723000000",
            "investmentIncomeNet": "139000000",
            "netInterestIncome": "-565000000",
            "interestIncome": "7618000000",
            "interestExpense": "565000000",
            "nonInterestIncome": "-147000000",
            "otherNonOperatingIncome": "1000000",
            "depreciation": "346000000",
            "depreciationAndAmortization": "709000000",
            "incomeBeforeTax": "-9322000000",
            "incomeTaxExpense": "-181000000",
            "interestAndDebtExpense": "565000000",
            "netIncomeFromContinuingOperations": "-9138000000",
            "comprehensiveIncomeNetOfTax": "-9060000000",
            "ebit": "-8757000000",
            "ebitda": "-8048000000",
            "netIncome": "-9141000000"
        },
        {
            "fiscalDateEnding": "2021-12-31",
            "reportedCurrency": "USD",
            "grossProfit": "227000000",
            "totalRevenue": "17455000000",
            "costOfRevenue": "17228000000",
            "costofGoodsAndServicesSold": "9351000000",
            "operatingIncome": "-3834000000",
            "sellingGeneralAndAdministrative": "7105000000",
            "researchAndDevelopment": "2054000000",
            "operatingExpenses": "10040000000",
            "investmentIncomeNet": "37000000",
            "netInterestIncome": "-483000000",
            "interestIncome": "37000000",
            "interestExpense": "483000000",
            "nonInterestIncome": "346000000",
            "otherNonOperatingIncome": "83000000",
            "depreciation": "393000000",
            "depreciationAndAmortization": "656000000",
            "incomeBeforeTax": "-988000000",
            "incomeTaxExpense": "-492000000",
            "interestAndDebtExpense": "483000000",
            "netIncomeFromContinuingOperations": "-570000000",
            "comprehensiveIncomeNetOfTax": "-485000000",
            "ebit": "-505000000",
            "ebitda": "151000000",
            "netIncome": "-496000000"
        },
        {
            "fiscalDateEnding": "2020-12-31",
            "reportedCurrency": "USD",
            "grossProfit": "-1384000000",
            "totalRevenue": "11139000000",
            "costOfRevenue": "12523000000",
            "costofGoodsAndServicesSold": "5154000000",
            "operatingIncome": "-4863000000",
            "sellingGeneralAndAdministrative": "6249000000",
            "researchAndDevelopment": "2205000000",
            "operatingExpenses": "9650000000",
            "investmentIncomeNet": "55000000",
            "netInterestIncome": "-458000000",
            "interestIncome": "55000000",
            "interestExpense": "458000000",
            "nonInterestIncome": "-128000000",
            "otherNonOperatingIncome": "59000000",
            "depreciation": "364000000",
            "depreciationAndAmortization": "354000000",
            "incomeBeforeTax": "-6960000000",
            "incomeTaxExpense": "-192000000",
            "interestAndDebtExpense": "458000000",
            "netIncomeFromContinuingOperations": "-6788000000",
            "comprehensiveIncomeNetOfTax": "-7116000000",
            "ebit": "-6502000000",
            "ebitda": "-6148000000",
            "netIncome": "-6768000000"
        },
        {
            "fiscalDateEnding": "2019-12-31",
            "reportedCurrency": "USD",
            "grossProfit": "-1152000000",
            "totalRevenue": "13000000000",
            "costOfRevenue": "15299000000",
            "costofGoodsAndServicesSold": "7208000000",
            "operatingIncome": "-8596000000",
            "sellingGeneralAndAdministrative": "7925000000",
            "researchAndDevelopment": "4836000000",
            "operatingExpenses": "13029000000",
            "investmentIncomeNet": "234000000",
            "netInterestIncome": "-559000000",
            "interestIncome": "234000000",
            "interestExpense": "559000000",
            "nonInterestIncome": "394000000",
            "otherNonOperatingIncome": "24000000",
            "depreciation": "433000000",
            "depreciationAndAmortization": "166000000",
            "incomeBeforeTax": "-8461000000",
            "incomeTaxExpense": "45000000",
            "interestAndDebtExpense": "115000000",
            "netIncomeFromContinuingOperations": "-8512000000",
            "comprehensiveIncomeNetOfTax": "-8505000000",
            "ebit": "-7902000000",
            "ebitda": "-7736000000",
            "netIncome": "-8506000000"
        }
    ],
    "quarterlyReports": [
        {
            "fiscalDateEnding": "2023-09-30",
            "reportedCurrency": "USD",
            "grossProfit": "1990000000",
            "totalRevenue": "9292000000",
            "costOfRevenue": "7302000000",
            "costofGoodsAndServicesSold": "5626000000",
            "operatingIncome": "394000000",
            "sellingGeneralAndAdministrative": "1587000000",
            "researchAndDevelopment": "797000000",
            "operatingExpenses": "2473000000",
            "investmentIncomeNet": "130000000",
            "netInterestIncome": "-166000000",
            "interestIncome": "166000000",
            "interestExpense": "166000000",
            "nonInterestIncome": "-92000000",
            "otherNonOperatingIncome": "6000000",
            "depreciation": "None",
            "depreciationAndAmortization": "89000000",
            "incomeBeforeTax": "181000000",
            "incomeTaxExpense": "-40000000",
            "interestAndDebtExpense": "166000000",
            "netIncomeFromContinuingOperations": "219000000",
            "comprehensiveIncomeNetOfTax": "184000000",
            "ebit": "347000000",
            "ebitda": "436000000",
            "netIncome": "221000000"
        },
        {
            "fiscalDateEnding": "2023-06-30",
            "reportedCurrency": "USD",
            "grossProfit": "1915000000",
            "totalRevenue": "9230000000",
            "costOfRevenue": "7315000000",
            "costofGoodsAndServicesSold": "5515000000",
            "operatingIncome": "326000000",
            "sellingGeneralAndAdministrative": "1709000000",
            "researchAndDevelopment": "808000000",
            "operatingExpenses": "2608000000",
            "investmentIncomeNet": "107000000",
            "netInterestIncome": "-144000000",
            "interestIncome": "144000000",
            "interestExpense": "144000000",
            "nonInterestIncome": "-73000000",
            "otherNonOperatingIncome": "-147000000",
            "depreciation": "None",
            "depreciationAndAmortization": "91000000",
            "incomeBeforeTax": "459000000",
            "incomeTaxExpense": "65000000",
            "interestAndDebtExpense": "144000000",
            "netIncomeFromContinuingOperations": "394000000",
            "comprehensiveIncomeNetOfTax": "549000000",
            "ebit": "603000000",
            "ebitda": "694000000",
            "netIncome": "394000000"
        },
        {
            "fiscalDateEnding": "2023-03-31",
            "reportedCurrency": "USD",
            "grossProfit": "1266000000",
            "totalRevenue": "8823000000",
            "costOfRevenue": "7557000000",
            "costofGoodsAndServicesSold": "5259000000",
            "operatingIncome": "-262000000",
            "sellingGeneralAndAdministrative": "2204000000",
            "researchAndDevelopment": "775000000",
            "operatingExpenses": "3093000000",
            "investmentIncomeNet": "87000000",
            "netInterestIncome": "-168000000",
            "interestIncome": "168000000",
            "interestExpense": "168000000",
            "nonInterestIncome": "-94000000",
            "otherNonOperatingIncome": "-21000000",
            "depreciation": "None",
            "depreciationAndAmortization": "94000000",
            "incomeBeforeTax": "-102000000",
            "incomeTaxExpense": "55000000",
            "interestAndDebtExpense": "168000000",
            "netIncomeFromContinuingOperations": "-157000000",
            "comprehensiveIncomeNetOfTax": "-312000000",
            "ebit": "66000000",
            "ebitda": "160000000",
            "netIncome": "-157000000"
        },
        {
            "fiscalDateEnding": "2022-12-31",
            "reportedCurrency": "USD",
            "grossProfit": "1105000000",
            "totalRevenue": "8607000000",
            "costOfRevenue": "7502000000",
            "costofGoodsAndServicesSold": "5307000000",
            "operatingIncome": "-142000000",
            "sellingGeneralAndAdministrative": "1867000000",
            "researchAndDevelopment": "747000000",
            "operatingExpenses": "2980000000",
            "investmentIncomeNet": "73000000",
            "netInterestIncome": "-151000000",
            "interestIncome": "603000000",
            "interestExpense": "151000000",
            "nonInterestIncome": "-71000000",
            "otherNonOperatingIncome": "2000000",
            "depreciation": "None",
            "depreciationAndAmortization": "300000000",
            "incomeBeforeTax": "511000000",
            "incomeTaxExpense": "-84000000",
            "interestAndDebtExpense": "151000000",
            "netIncomeFromContinuingOperations": "600000000",
            "comprehensiveIncomeNetOfTax": "562000000",
            "ebit": "662000000",
            "ebitda": "962000000",
            "netIncome": "595000000"
        },
        {
            "fiscalDateEnding": "2022-09-30",
            "reportedCurrency": "USD",
            "grossProfit": "983000000",
            "totalRevenue": "8343000000",
            "costOfRevenue": "7360000000",
            "costofGoodsAndServicesSold": "5173000000",
            "operatingIncome": "-495000000",
            "sellingGeneralAndAdministrative": "2061000000",
            "researchAndDevelopment": "760000000",
            "operatingExpenses": "2947000000",
            "investmentIncomeNet": "38000000",
            "netInterestIncome": "-146000000",
            "interestIncome": "706000000",
            "interestExpense": "146000000",
            "nonInterestIncome": "-48000000",
            "otherNonOperatingIncome": "1000000",
            "depreciation": "None",
            "depreciationAndAmortization": "126000000",
            "incomeBeforeTax": "-1148000000",
            "incomeTaxExpense": "58000000",
            "interestAndDebtExpense": "146000000",
            "netIncomeFromContinuingOperations": "-1204000000",
            "comprehensiveIncomeNetOfTax": "-911000000",
            "ebit": "-1002000000",
            "ebitda": "-876000000",
            "netIncome": "-1206000000"
        },
        {
            "fiscalDateEnding": "2022-06-30",
            "reportedCurrency": "USD",
            "grossProfit": "712000000",
            "totalRevenue": "8073000000",
            "costOfRevenue": "7361000000",
            "costofGoodsAndServicesSold": "5153000000",
            "operatingIncome": "-713000000",
            "sellingGeneralAndAdministrative": "2069000000",
            "researchAndDevelopment": "704000000",
            "operatingExpenses": "2912000000",
            "investmentIncomeNet": "17000000",
            "netInterestIncome": "-139000000",
            "interestIncome": "17000000",
            "interestExpense": "139000000",
            "nonInterestIncome": "-38000000",
            "otherNonOperatingIncome": "5000000",
            "depreciation": "None",
            "depreciationAndAmortization": "139000000",
            "incomeBeforeTax": "-2524000000",
            "incomeTaxExpense": "77000000",
            "interestAndDebtExpense": "139000000",
            "netIncomeFromContinuingOperations": "-2616000000",
            "comprehensiveIncomeNetOfTax": "-2801000000",
            "ebit": "-2385000000",
            "ebitda": "-2246000000",
            "netIncome": "-2601000000"
        },
        {
            "fiscalDateEnding": "2022-03-31",
            "reportedCurrency": "USD",
            "grossProfit": "607000000",
            "totalRevenue": "6854000000",
            "costOfRevenue": "6247000000",
            "costofGoodsAndServicesSold": "4026000000",
            "operatingIncome": "-482000000",
            "sellingGeneralAndAdministrative": "1895000000",
            "researchAndDevelopment": "587000000",
            "operatingExpenses": "2826000000",
            "investmentIncomeNet": "11000000",
            "netInterestIncome": "-129000000",
            "interestIncome": "11000000",
            "interestExpense": "129000000",
            "nonInterestIncome": "10000000",
            "otherNonOperatingIncome": "-7000000",
            "depreciation": "None",
            "depreciationAndAmortization": "144000000",
            "incomeBeforeTax": "-6162000000",
            "incomeTaxExpense": "-232000000",
            "interestAndDebtExpense": "129000000",
            "netIncomeFromContinuingOperations": "-5918000000",
            "comprehensiveIncomeNetOfTax": "-5911000000",
            "ebit": "-6033000000",
            "ebitda": "-5889000000",
            "netIncome": "-5930000000"
        },
        {
            "fiscalDateEnding": "2021-12-31",
            "reportedCurrency": "USD",
            "grossProfit": "512000000",
            "totalRevenue": "5778000000",
            "costOfRevenue": "5266000000",
            "costofGoodsAndServicesSold": "3104000000",
            "operatingIncome": "-550000000",
            "sellingGeneralAndAdministrative": "1873000000",
            "researchAndDevelopment": "558000000",
            "operatingExpenses": "2754000000",
            "investmentIncomeNet": "9000000",
            "netInterestIncome": "-130000000",
            "interestIncome": "9000000",
            "interestExpense": "130000000",
            "nonInterestIncome": "384000000",
            "otherNonOperatingIncome": "-120000000",
            "depreciation": "None",
            "depreciationAndAmortization": "189000000",
            "incomeBeforeTax": "795000000",
            "incomeTaxExpense": "-97000000",
            "interestAndDebtExpense": "130000000",
            "netIncomeFromContinuingOperations": "879000000",
            "comprehensiveIncomeNetOfTax": "-800000000",
            "ebit": "925000000",
            "ebitda": "1114000000",
            "netIncome": "892000000"
        },
        {
            "fiscalDateEnding": "2021-09-30",
            "reportedCurrency": "USD",
            "grossProfit": "456000000",
            "totalRevenue": "4845000000",
            "costOfRevenue": "4389000000",
            "costofGoodsAndServicesSold": "2438000000",
            "operatingIncome": "-572000000",
            "sellingGeneralAndAdministrative": "1793000000",
            "researchAndDevelopment": "493000000",
            "operatingExpenses": "2444000000",
            "investmentIncomeNet": "10000000",
            "netInterestIncome": "-123000000",
            "interestIncome": "10000000",
            "interestExpense": "123000000",
            "nonInterestIncome": "-13000000",
            "otherNonOperatingIncome": "202000000",
            "depreciation": "None",
            "depreciationAndAmortization": "158000000",
            "incomeBeforeTax": "-2525000000",
            "incomeTaxExpense": "-101000000",
            "interestAndDebtExpense": "123000000",
            "netIncomeFromContinuingOperations": "-2439000000",
            "comprehensiveIncomeNetOfTax": "-1937000000",
            "ebit": "-2402000000",
            "ebitda": "-2244000000",
            "netIncome": "-2424000000"
        },
        {
            "fiscalDateEnding": "2021-06-30",
            "reportedCurrency": "USD",
            "grossProfit": "-207000000",
            "totalRevenue": "3929000000",
            "costOfRevenue": "4136000000",
            "costofGoodsAndServicesSold": "2099000000",
            "operatingIncome": "-1188000000",
            "sellingGeneralAndAdministrative": "1872000000",
            "researchAndDevelopment": "488000000",
            "operatingExpenses": "2525000000",
            "investmentIncomeNet": "13000000",
            "netInterestIncome": "-115000000",
            "interestIncome": "13000000",
            "interestExpense": "115000000",
            "nonInterestIncome": "0",
            "otherNonOperatingIncome": "18000000",
            "depreciation": "None",
            "depreciationAndAmortization": "165000000",
            "incomeBeforeTax": "665000000",
            "incomeTaxExpense": "-479000000",
            "interestAndDebtExpense": "115000000",
            "netIncomeFromContinuingOperations": "1112000000",
            "comprehensiveIncomeNetOfTax": "1171000000",
            "ebit": "780000000",
            "ebitda": "945000000",
            "netIncome": "1144000000"
        },
        {
            "fiscalDateEnding": "2021-03-31",
            "reportedCurrency": "USD",
            "grossProfit": "-534000000",
            "totalRevenue": "2903000000",
            "costOfRevenue": "3437000000",
            "costofGoodsAndServicesSold": "1710000000",
            "operatingIncome": "-1524000000",
            "sellingGeneralAndAdministrative": "1567000000",
            "researchAndDevelopment": "515000000",
            "operatingExpenses": "2265000000",
            "investmentIncomeNet": "5000000",
            "netInterestIncome": "-115000000",
            "interestIncome": "5000000",
            "interestExpense": "115000000",
            "nonInterestIncome": "-25000000",
            "otherNonOperatingIncome": "-17000000",
            "depreciation": "None",
            "depreciationAndAmortization": "144000000",
            "incomeBeforeTax": "77000000",
            "incomeTaxExpense": "185000000",
            "interestAndDebtExpense": "115000000",
            "netIncomeFromContinuingOperations": "-122000000",
            "comprehensiveIncomeNetOfTax": "1081000000",
            "ebit": "192000000",
            "ebitda": "336000000",
            "netIncome": "-108000000"
        },
        {
            "fiscalDateEnding": "2020-12-31",
            "reportedCurrency": "USD",
            "grossProfit": "14000000",
            "totalRevenue": "3165000000",
            "costOfRevenue": "2212000000",
            "costofGoodsAndServicesSold": "502000000",
            "operatingIncome": "-877000000",
            "sellingGeneralAndAdministrative": "1569000000",
            "researchAndDevelopment": "483000000",
            "operatingExpenses": "2218000000",
            "investmentIncomeNet": "4000000",
            "netInterestIncome": "-118000000",
            "interestIncome": "4000000",
            "interestExpense": "118000000",
            "nonInterestIncome": "-24000000",
            "otherNonOperatingIncome": "8000000",
            "depreciation": "None",
            "depreciationAndAmortization": "123000000",
            "incomeBeforeTax": "-946000000",
            "incomeTaxExpense": "23000000",
            "interestAndDebtExpense": "118000000",
            "netIncomeFromContinuingOperations": "-962000000",
            "comprehensiveIncomeNetOfTax": "-1059000000",
            "ebit": "-828000000",
            "ebitda": "-705000000",
            "netIncome": "-969000000"
        },
        {
            "fiscalDateEnding": "2020-09-30",
            "reportedCurrency": "USD",
            "grossProfit": "-205000000",
            "totalRevenue": "2813000000",
            "costOfRevenue": "3334000000",
            "costofGoodsAndServicesSold": "1614000000",
            "operatingIncome": "-1116000000",
            "sellingGeneralAndAdministrative": "1635000000",
            "researchAndDevelopment": "493000000",
            "operatingExpenses": "2213000000",
            "investmentIncomeNet": "7000000",
            "netInterestIncome": "-112000000",
            "interestIncome": "7000000",
            "interestExpense": "112000000",
            "nonInterestIncome": "-47000000",
            "otherNonOperatingIncome": "38000000",
            "depreciation": "None",
            "depreciationAndAmortization": "85000000",
            "incomeBeforeTax": "-1066000000",
            "incomeTaxExpense": "23000000",
            "interestAndDebtExpense": "112000000",
            "netIncomeFromContinuingOperations": "-1108000000",
            "comprehensiveIncomeNetOfTax": "-890000000",
            "ebit": "-954000000",
            "ebitda": "-869000000",
            "netIncome": "-1089000000"
        },
        {
            "fiscalDateEnding": "2020-06-30",
            "reportedCurrency": "USD",
            "grossProfit": "-768000000",
            "totalRevenue": "1913000000",
            "costOfRevenue": "3009000000",
            "costofGoodsAndServicesSold": "1252000000",
            "operatingIncome": "-1607000000",
            "sellingGeneralAndAdministrative": "1301000000",
            "researchAndDevelopment": "584000000",
            "operatingExpenses": "2341000000",
            "investmentIncomeNet": "6000000",
            "netInterestIncome": "-110000000",
            "interestIncome": "6000000",
            "interestExpense": "110000000",
            "nonInterestIncome": "-29000000",
            "otherNonOperatingIncome": "-5000000",
            "depreciation": "None",
            "depreciationAndAmortization": "74000000",
            "incomeBeforeTax": "-1771000000",
            "incomeTaxExpense": "4000000",
            "interestAndDebtExpense": "110000000",
            "netIncomeFromContinuingOperations": "-1772000000",
            "comprehensiveIncomeNetOfTax": "-2024000000",
            "ebit": "-1661000000",
            "ebitda": "-1587000000",
            "netIncome": "-1775000000"
        },
        {
            "fiscalDateEnding": "2020-03-31",
            "reportedCurrency": "USD",
            "grossProfit": "-252000000",
            "totalRevenue": "3248000000",
            "costOfRevenue": "3795000000",
            "costofGoodsAndServicesSold": "1786000000",
            "operatingIncome": "-1263000000",
            "sellingGeneralAndAdministrative": "1744000000",
            "researchAndDevelopment": "645000000",
            "operatingExpenses": "2676000000",
            "investmentIncomeNet": "38000000",
            "netInterestIncome": "-118000000",
            "interestIncome": "38000000",
            "interestExpense": "118000000",
            "nonInterestIncome": "-28000000",
            "otherNonOperatingIncome": "18000000",
            "depreciation": "None",
            "depreciationAndAmortization": "72000000",
            "incomeBeforeTax": "-3178000000",
            "incomeTaxExpense": "-242000000",
            "interestAndDebtExpense": "118000000",
            "netIncomeFromContinuingOperations": "-2946000000",
            "comprehensiveIncomeNetOfTax": "-3144000000",
            "ebit": "-3060000000",
            "ebitda": "-2988000000",
            "netIncome": "-2936000000"
        },
        {
            "fiscalDateEnding": "2019-12-31",
            "reportedCurrency": "USD",
            "grossProfit": "233000000",
            "totalRevenue": "2922000000",
            "costOfRevenue": "3836000000",
            "costofGoodsAndServicesSold": "1927000000",
            "operatingIncome": "-971000000",
            "sellingGeneralAndAdministrative": "1898000000",
            "researchAndDevelopment": "608000000",
            "operatingExpenses": "2526000000",
            "investmentIncomeNet": "50000000",
            "netInterestIncome": "-101000000",
            "interestIncome": "50000000",
            "interestExpense": "101000000",
            "nonInterestIncome": "-36000000",
            "otherNonOperatingIncome": "4000000",
            "depreciation": "89000000",
            "depreciationAndAmortization": "56000000",
            "incomeBeforeTax": "-1071000000",
            "incomeTaxExpense": "25000000",
            "interestAndDebtExpense": "101000000",
            "netIncomeFromContinuingOperations": "-1091000000",
            "comprehensiveIncomeNetOfTax": "-1098000000",
            "ebit": "-970000000",
            "ebitda": "-914000000",
            "netIncome": "-1096000000"
        },
        {
            "fiscalDateEnding": "2019-09-30",
            "reportedCurrency": "USD",
            "grossProfit": "165000000",
            "totalRevenue": "3813000000",
            "costOfRevenue": "3648000000",
            "costofGoodsAndServicesSold": "1860000000",
            "operatingIncome": "-1106000000",
            "sellingGeneralAndAdministrative": "1704000000",
            "researchAndDevelopment": "755000000",
            "operatingExpenses": "2543000000",
            "investmentIncomeNet": "76000000",
            "netInterestIncome": "-90000000",
            "interestIncome": "76000000",
            "interestExpense": "90000000",
            "nonInterestIncome": "8000000",
            "otherNonOperatingIncome": "-22000000",
            "depreciation": "92000000",
            "depreciationAndAmortization": "39000000",
            "incomeBeforeTax": "-1159000000",
            "incomeTaxExpense": "3000000",
            "interestAndDebtExpense": "90000000",
            "netIncomeFromContinuingOperations": "-1159000000",
            "comprehensiveIncomeNetOfTax": "-1180000000",
            "ebit": "-1069000000",
            "ebitda": "-1030000000",
            "netIncome": "-1162000000"
        },
        {
            "fiscalDateEnding": "2019-06-30",
            "reportedCurrency": "USD",
            "grossProfit": "-1469000000",
            "totalRevenue": "3166000000",
            "costOfRevenue": "4635000000",
            "costofGoodsAndServicesSold": "1740000000",
            "operatingIncome": "-5485000000",
            "sellingGeneralAndAdministrative": "2860000000",
            "researchAndDevelopment": "3064000000",
            "operatingExpenses": "5959000000",
            "investmentIncomeNet": "64000000",
            "netInterestIncome": "-151000000",
            "interestIncome": "64000000",
            "interestExpense": "151000000",
            "nonInterestIncome": "437000000",
            "otherNonOperatingIncome": "16000000",
            "depreciation": "115000000",
            "depreciationAndAmortization": "35000000",
            "incomeBeforeTax": "-5238000000",
            "incomeTaxExpense": "-2000000",
            "interestAndDebtExpense": "-293000000",
            "netIncomeFromContinuingOperations": "-5246000000",
            "comprehensiveIncomeNetOfTax": "-5157000000",
            "ebit": "-5087000000",
            "ebitda": "-5052000000",
            "netIncome": "-5236000000"
        },
        {
            "fiscalDateEnding": "2019-03-31",
            "reportedCurrency": "USD",
            "grossProfit": "-81000000",
            "totalRevenue": "3099000000",
            "costOfRevenue": "3180000000",
            "costofGoodsAndServicesSold": "1681000000",
            "operatingIncome": "-1034000000",
            "sellingGeneralAndAdministrative": "1463000000",
            "researchAndDevelopment": "409000000",
            "operatingExpenses": "1965000000",
            "investmentIncomeNet": "44000000",
            "netInterestIncome": "-217000000",
            "interestIncome": "17000000",
            "interestExpense": "217000000",
            "nonInterestIncome": "-11000000",
            "otherNonOperatingIncome": "26000000",
            "depreciation": "137000000",
            "depreciationAndAmortization": "36000000",
            "incomeBeforeTax": "-993000000",
            "incomeTaxExpense": "19000000",
            "interestAndDebtExpense": "217000000",
            "netIncomeFromContinuingOperations": "-1016000000",
            "comprehensiveIncomeNetOfTax": "-1070000000",
            "ebit": "-776000000",
            "ebitda": "-740000000",
            "netIncome": "-1012000000"
        },
        {
            "fiscalDateEnding": "2018-12-31",
            "reportedCurrency": "USD",
            "grossProfit": "1359000000",
            "totalRevenue": "2137000000",
            "costOfRevenue": "1615000000",
            "costofGoodsAndServicesSold": "1615000000",
            "operatingIncome": "-1053000000",
            "sellingGeneralAndAdministrative": "555000000",
            "researchAndDevelopment": "366000000",
            "operatingExpenses": "2412000000",
            "investmentIncomeNet": "None",
            "netInterestIncome": "None",
            "interestIncome": "None",
            "interestExpense": "195000000",
            "nonInterestIncome": "None",
            "otherNonOperatingIncome": "7000000",
            "depreciation": "105000000",
            "depreciationAndAmortization": "109000000",
            "incomeBeforeTax": "-1209000000",
            "incomeTaxExpense": "-322000000",
            "interestAndDebtExpense": "None",
            "netIncomeFromContinuingOperations": "None",
            "comprehensiveIncomeNetOfTax": "-895000000",
            "ebit": "-1014000000",
            "ebitda": "-902000000",
            "netIncome": "-887000000"
        }
    ]
}